@article{bozek2021markerless,
    title = {Markerless tracking of an entire honey bee colony},
    author = {Bozek, Katarzyna and Hebert, Laetitia and Portugal, Yoann and Mikheyev, Alexander S and Stephens, Greg J},
    journal = {Nature communications},
    volume = {12},
    number = {1},
    pages = {1733},
    year = {2021},
    publisher = {Nature Publishing Group UK London}
}

@article{bozek2018pixel,
    title = {Pixel personality for dense object tracking in a 2D honeybee hive},
    author = {Bozek, Katarzyna and Hebert, Laetitia and Mikheyev, Alexander S and Stephens, Greg J},
    journal = {arXiv preprint arXiv:1812.11797},
    year = {2018}
}

@article{mukasheva2024modification,
    title = {Modification of U-Net with Pre-Trained ResNet-50 and Atrous Block for Polyp Segmentation: Model TASPP-UNet},
    author = {Mukasheva, Assel and Koishiyeva, Dina and Sergazin, Gani and Sydybayeva, Madina and Mukhammejanova, Dinargul and Seidazimov, Syrym},
    journal = {Engineering Proceedings},
    volume = {70},
    number = {1},
    pages = {16},
    year = {2024},
    publisher = {MDPI}
}

@misc{Iakubovskii:2019,
    Author = {Pavel Iakubovskii},
    Title = {Segmentation Models Pytorch},
    Year = {2019},
    Publisher = {GitHub},
    Journal = {GitHub repository},
    Howpublished = {\url{https://github.com/qubvel/segmentation_models.pytorch}}
}

@inproceedings{jha2020doubleu,
    title = {Doubleu-net: A deep convolutional neural network for medical image segmentation},
    author = {Jha, Debesh and Riegler, Michael A and Johansen, Dag and Halvorsen, P{\aa}l and Johansen, H{\aa}vard D},
    booktitle = {2020 IEEE 33rd International symposium on computer-based medical systems (CBMS)},
    pages = {558--564},
    year = {2020},
    organization = {IEEE}
}

@inproceedings{lin2014microsoft,
    title = {Microsoft coco: Common objects in context},
    author = {Lin, Tsung-Yi and Maire, Michael and Belongie, Serge and Hays, James and Perona, Pietro and Ramanan, Deva and Doll{\'a}r, Piotr and Zitnick, C Lawrence},
    booktitle = {Computer vision--ECCV 2014: 13th European conference, zurich, Switzerland, September 6-12, 2014, proceedings, part v 13},
    pages = {740--755},
    year = {2014},
    organization = {Springer}
}

@inproceedings{ronneberger2015u,
    title = {U-net: Convolutional networks for biomedical image segmentation},
    author = {Ronneberger, Olaf and Fischer, Philipp and Brox, Thomas},
    booktitle = {Medical image computing and computer-assisted intervention--MICCAI 2015: 18th international conference, Munich, Germany, October 5-9, 2015, proceedings, part III 18},
    pages = {234--241},
    year = {2015},
    organization = {Springer}
}

@inproceedings{kirillov2023segment,
    title = {Segment anything},
    author = {Kirillov, Alexander and Mintun, Eric and Ravi, Nikhila and Mao, Hanzi and Rolland, Chloe and Gustafson, Laura and Xiao, Tete and Whitehead, Spencer and Berg, Alexander C and Lo, Wan-Yen and others},
    booktitle = {Proceedings of the IEEE/CVF international conference on computer vision},
    pages = {4015--4026},
    year = {2023}
}

@online{noauthor_nodate_math,
    title = {math — Mathematical functions — Python 3.13.5 documentation},
    url = {https://docs.python.org/3/library/math.html#math.atan2},
    urldate = {2025-07-11}
}

@online{noauthor_nodate_spearmans,
    title = {Spearman's rank correlation coefficient - Wikipedia},
    url = {https://en.wikipedia.org/wiki/Spearman%27s_rank_correlation_coefficient},
    urldate = {2025-07-11}
}